@ARTICLE{OneDim,
    author = {Yonghong Xie and Qiang Ji},
    title = {A new efficient ellipse detection method},
    year = {2002},
    pages = {957-960},
    journal = {International Conference on Pattern Recognition} 
}

@ARTICLE{Ballard,
    author = {D. H. Ballard},
    title = {Generalizing the HT to detect arbitrary shapes},
    year = {1987},
    pages = {111-122},
    volume = 13,
    journal = {Pattern Recognition} 
}

@ARTICLE{Duda,
    author = {Duda, R. O. and P. E. Hart},
    title = {Use of the Hough Transformation to Detect Lines and Curves in Pictures},
    year = {1972},
    pages = {11-15},
    number = {15},
    journal = {Communications of the ACM} 
}

@ARTICLE{Chien,
    author = {Chung-Fang Chien, Yu-Che Cheng, and Ta-Te Lin},
    title = {Robust ellipse detection based on hierarchical image pyramid and Hough transform},
    year = {2011},
    pages = {581-589},
    volume = 28,
    number = {4},
    journal = {Journal of the Optical Society of America A} 
}